%% This BibTeX bibliography file was created using BibDesk.
%% http://bibdesk.sourceforge.net/

%% Created for Thomas at 2017-04-07 21:35:06 +0200 


%% Saved with string encoding Unicode (UTF-8) 



@webpage{how-puppet-works,
	Author = {Puppet},
	Date-Added = {2017-03-27 20:13:46 +0000},
	Date-Modified = {2017-03-27 20:14:01 +0000},
	Lastchecked = {27/03/2017},
	Url = {https://puppet.com/product/how-puppet-works},
	Bdsk-Url-1 = {https://puppet.com/product/how-puppet-works}}

@webpage{puppetkick,
	Author = {Puppet},
	Date-Added = {2017-03-27 20:13:46 +0000},
	Date-Modified = {2017-03-27 20:14:01 +0000},
	Lastchecked = {27/03/2017},
	Url = {https://docs.puppet.com/puppet/3.6/man/kick.html},
	Bdsk-Url-1 = {https://docs.puppet.com/puppet/3.6/man/kick.html}}




@article{journalofinformation,
  title={High level color similarity retrieval},
  author={Stanchev, Peter and Green Jr, David and Dimitrov, Boyan},
  year={2003},
  Lastchecked = {27/03/2017},
  publisher={Institute of Information Theories and Applications FOI ITHEA}
}
@mastersthesis{masterproef,
	Author = {Harm De Weirdt},
	Date-Added = {2017-03-27 19:35:39 +0000},
	Date-Modified = {2017-04-02 17:45:07 +0000},
	Keywords = {masterproef},
	School = {KU Leuven},
	Title = {Configuratieafhankelijkheden gebruiken om gedistribueerde applicaties effici{\"e}nt te beheren},
	Year = {2014}}

@webpage{languagePuppet,
	Author = {Puppet},
	Date-Added = {2017-03-27 19:34:07 +0000},
	Date-Modified = {2017-03-27 19:35:16 +0000},
	Lastchecked = {27/03/2017},
	Title = {Why Puppet has its own configuration language},
	Url = {https://puppet.com/blog/why-puppet-has-its-own-configuration-language},
	Bdsk-Url-1 = {https://puppet.com/blog/why-puppet-has-its-own-configuration-language}}

@article{digimeter,
	Author = {Imec},
	Date-Added = {2017-03-23 13:04:24 +0000},
	Date-Modified = {2017-03-23 13:08:09 +0000},
	Title = {digimeter 2016},
	Year = {2017}}

@webpage{PuppetDeclaratief,
	Author = {Puppet},
	Date-Added = {2017-03-22 16:33:51 +0000},
	Date-Modified = {2017-04-02 17:46:07 +0000},
	Keywords = {PuppetDeclaratief},
	Lastchecked = {22/03/2017},
	Title = {Puppet's Declarative Language: Modeling Instead of Scripting},
	Url = {https://puppet.com/blog/puppet?s-declarative-language-modeling-instead-of-scripting},
	Bdsk-Url-1 = {https://puppet.com/blog/puppet?s-declarative-language-modeling-instead-of-scripting}}

@webpage{PuppetLeaders,
	Author = {Puppet},
	Date-Added = {2017-03-22 16:33:51 +0000},
	Date-Modified = {2017-03-22 16:35:13 +0000},
	Lastchecked = {22/03/2017},
	Title = {Leadershipt},
	Url = {https://puppet.com/company/leadership},
	Bdsk-Url-1 = {https://puppet.com/company/leadership}}

@webpage{PuppetForWindows,
	Author = {Puppet},
	Date-Added = {2017-03-22 16:33:51 +0000},
	Date-Modified = {2017-03-22 16:35:13 +0000},
	Lastchecked = {22/03/2017},
	Title = {Installing Puppet Enterprise for a Windows environment},
	Url = {https://docs.puppet.com/pe/latest/windows_installing.html},
	Bdsk-Url-1 = {https://docs.puppet.com/pe/latest/windows_installing.html}}

@book{ansiblefordevops,
	Author = {Jeff Geerling},
	Date-Added = {2017-02-24 18:59:57 +0000},
	Date-Modified = {2017-04-02 17:41:42 +0000},
	Keywords = {ansiblefordevops},
	Publisher = {Leanpub},
	Title = {Ansible For DevOps},
	Year = {2016}}

@webpage{ansibledoc,
	Author = {Ansible},
	Date-Added = {2017-02-24 18:51:41 +0000},
	Date-Modified = {2017-02-24 18:52:25 +0000},
	Lastchecked = {24/02/ 2017},
	Title = {How Ansible works},
	Url = {https://www.ansible.com/how-ansible-works},
	Bdsk-Url-1 = {https://www.ansible.com/how-ansible-works}}

@url{puppetfaq,
	Author = {Puppet},
	Date-Added = {2017-02-24 18:16:20 +0000},
	Date-Modified = {2017-02-24 18:17:55 +0000},
	Lastchecked = {24/02/ 2017},
	Title = {FAQ},
	Url = {https://puppet.com/product/faq},
	Bdsk-Url-1 = {https://puppet.com/product/faq}}

@webpage{Puppetlanguagecatalog,
	Author = {Puppet},
	Title = {Language: Basics},
	Date-Added = {2017-02-24 17:55:13 +0000},
	Date-Modified = {2017-02-24 17:56:28 +0000},
	Lastchecked = {24/02/ 2017},
	Url = {https://docs.puppet.com/puppet/4.9/lang_summary.html},
	Bdsk-Url-1 = {https://docs.puppet.com/puppet/4.9/lang_summary.html}}

@webpage{puppetdoc,
	Author = {Puppet},
	Title = {Puppet Documentation},
	Date-Added = {2017-02-24 17:39:08 +0000},
	Date-Modified = {2017-02-24 17:39:32 +0000},
	Lastchecked = {24/02/ 2017},
	Url = {docs.puppet.com},
	Bdsk-Url-1 = {docs.puppet.com}}

@webpage{redhatovername,
	Author = {RedHat},
	Titel = {Red Hat to Acquire IT Automation and DevOps Leader Ansible},
	Date-Added = {2017-02-24 11:45:11 +0000},
	Date-Modified = {2017-04-02 19:30:08 +0000},
	Month = {10},
	Url = {https://www.redhat.com/en/about/press-releases/red-hat-acquire-it-automation-and-devops-leader-ansible},
	Year = {2015},
	Bdsk-Url-1 = {https://www.redhat.com/en/about/press-releases/red-%20hat-acquire-it-automation-and-devops-leader-ansible}}

@webpage{gartner,
	Author = {Ronni J. Colville, Lydia Leong},
	Date-Added = {2017-02-24 11:43:59 +0000},
	Date-Modified = {2017-02-24 11:44:43 +0000},
	Keywords = {coolvendors},
	Month = {April},
	Url = {https://www.gartner.com/doc/3034319/cool-vendors-devops},
	Year = {2015},
	Bdsk-Url-1 = {https://www.gartner.com/doc/3034319/cool-vendors-%20devops-}}

@webpage{popcon,
	Author = {Debian},
	Date-Added = {2017-02-24 10:09:30 +0000},
	Date-Modified = {2017-04-07 19:32:14 +0000},
	Keywords = {popcon, popularity},
	Lastchecked = {24/02/ 2017},
	Title = {Debian Popularity Contest},
	Url = {http://popcon.debian.org},
	Year = {2017},
	Bdsk-Url-1 = {http://popcon.debian.org}}
